<record><leader>00000cas a22000007a 4500</leader><controlfield tag="001">20256103</controlfield><controlfield tag="008">890825c18899999couwr ne      0    0eng d</controlfield><datafield ind1=" " ind2=" " tag="010"><subfield code="a">sn 89052244 </subfield></datafield><datafield ind1=" " ind2=" " tag="040"><subfield code="a">CNQ</subfield><subfield code="b">eng</subfield><subfield code="c">CNQ</subfield><subfield code="d">OCLCQ</subfield></datafield><datafield ind1=" " ind2=" " tag="042"><subfield code="a">msc</subfield></datafield><datafield ind1="0" ind2="0" tag="245"><subfield code="a">Saguache crescent.</subfield></datafield><datafield ind1="1" ind2="3" tag="246"><subfield code="a">Saguache crescent formerly Saguache democrat</subfield></datafield><datafield ind1=" " ind2=" " tag="260"><subfield code="a">Saguache, Colo. :</subfield><subfield code="b">Henry M. Mingay</subfield></datafield><datafield ind1=" " ind2=" " tag="300"><subfield code="a">v.</subfield></datafield><datafield ind1=" " ind2=" " tag="310"><subfield code="a">Weekly</subfield></datafield><datafield ind1="1" ind2=" " tag="362"><subfield code="a">Began in Aug. 1889?</subfield></datafield><datafield ind1=" " ind2=" " tag="530"><subfield code="a">Available on microfilm from the Colorado Historical Society.</subfield></datafield><datafield ind1=" " ind2=" " tag="588"><subfield code="a">Description based on: Vol. 9, no. 26, whole no. 441 (June 26, 1890).</subfield></datafield><datafield ind1=" " ind2=" " tag="752"><subfield code="a">United States</subfield><subfield code="b">Colorado</subfield><subfield code="c">Saguache</subfield><subfield code="d">Saguache.</subfield></datafield><datafield ind1="0" ind2="0" tag="780"><subfield code="t">Saguache democrat</subfield><subfield code="w">(DLC)sn 86066854</subfield></datafield></record>